%YAML 1.1
%TAG !u! tag:unity3d.com,2011:
--- !u!64 &9061038027503526450
MeshCollider:
  m_ObjectHideFlags: 0
  m_CorrespondingSourceObject: {fileID: 0}
  m_PrefabInstance: {fileID: 0}
  m_PrefabAsset: {fileID: 0}
  m_GameObject: {fileID: 3343487151652146456}
  m_Material: {fileID: 0}
  m_IsTrigger: 0
  m_Enabled: 1
  serializedVersion: 4
  m_Convex: 1
  m_CookingOptions: 30
  m_Mesh: {fileID: 5949695006547949565, guid: 37a3859acfa2b8a419451d988e24b59f, type: 3}
--- !u!54 &9061038027204370367
Rigidbody:
  m_ObjectHideFlags: 0
  m_CorrespondingSourceObject: {fileID: 0}
  m_PrefabInstance: {fileID: 0}
  m_PrefabAsset: {fileID: 0}
  m_GameObject: {fileID: 8178026499623339983}
  serializedVersion: 2
  m_Mass: 1
  m_Drag: 0
  m_AngularDrag: 0.05
  m_UseGravity: 1
  m_IsKinematic: 0
  m_Interpolate: 0
  m_Constraints: 0
  m_CollisionDetection: 0
--- !u!64 &9061038027204370366
MeshCollider:
  m_ObjectHideFlags: 0
  m_CorrespondingSourceObject: {fileID: 0}
  m_PrefabInstance: {fileID: 0}
  m_PrefabAsset: {fileID: 0}
  m_GameObject: {fileID: 8178026499623339983}
  m_Material: {fileID: 0}
  m_IsTrigger: 0
  m_Enabled: 1
  serializedVersion: 4
  m_Convex: 1
  m_CookingOptions: 30
  m_Mesh: {fileID: 2959467708922500008, guid: 37a3859acfa2b8a419451d988e24b59f, type: 3}
--- !u!1 &9061038027571145673
GameObject:
  m_ObjectHideFlags: 0
  m_CorrespondingSourceObject: {fileID: 0}
  m_PrefabInstance: {fileID: 0}
  m_PrefabAsset: {fileID: 0}
  serializedVersion: 6
  m_Component:
  - component: {fileID: 9061038027571145672}
  m_Layer: 0
  m_Name: UFO_1
  m_TagString: Untagged
  m_Icon: {fileID: 0}
  m_NavMeshLayer: 0
  m_StaticEditorFlags: 0
  m_IsActive: 1
--- !u!4 &9061038027571145672
Transform:
  m_ObjectHideFlags: 0
  m_CorrespondingSourceObject: {fileID: 0}
  m_PrefabInstance: {fileID: 0}
  m_PrefabAsset: {fileID: 0}
  m_GameObject: {fileID: 9061038027571145673}
  m_LocalRotation: {x: 0, y: 0, z: 0, w: 1}
  m_LocalPosition: {x: 0, y: 0, z: 0}
  m_LocalScale: {x: 1, y: 1, z: 1}
  m_Children:
  - {fileID: 8806225473424563573}
  m_Father: {fileID: 0}
  m_RootOrder: 0
  m_LocalEulerAnglesHint: {x: 0, y: 0, z: 0}
--- !u!1001 &9061038028579601054
PrefabInstance:
  m_ObjectHideFlags: 0
  serializedVersion: 2
  m_Modification:
    m_TransformParent: {fileID: 9061038027571145672}
    m_Modifications:
    - target: {fileID: -8679921383154817045, guid: 37a3859acfa2b8a419451d988e24b59f,
        type: 3}
      propertyPath: m_RootOrder
      value: 0
      objectReference: {fileID: 0}
    - target: {fileID: -8679921383154817045, guid: 37a3859acfa2b8a419451d988e24b59f,
        type: 3}
      propertyPath: m_LocalPosition.x
      value: 0
      objectReference: {fileID: 0}
    - target: {fileID: -8679921383154817045, guid: 37a3859acfa2b8a419451d988e24b59f,
        type: 3}
      propertyPath: m_LocalPosition.y
      value: 0
      objectReference: {fileID: 0}
    - target: {fileID: -8679921383154817045, guid: 37a3859acfa2b8a419451d988e24b59f,
        type: 3}
      propertyPath: m_LocalPosition.z
      value: 0
      objectReference: {fileID: 0}
    - target: {fileID: -8679921383154817045, guid: 37a3859acfa2b8a419451d988e24b59f,
        type: 3}
      propertyPath: m_LocalRotation.w
      value: 1
      objectReference: {fileID: 0}
    - target: {fileID: -8679921383154817045, guid: 37a3859acfa2b8a419451d988e24b59f,
        type: 3}
      propertyPath: m_LocalRotation.x
      value: 0
      objectReference: {fileID: 0}
    - target: {fileID: -8679921383154817045, guid: 37a3859acfa2b8a419451d988e24b59f,
        type: 3}
      propertyPath: m_LocalRotation.y
      value: 0
      objectReference: {fileID: 0}
    - target: {fileID: -8679921383154817045, guid: 37a3859acfa2b8a419451d988e24b59f,
        type: 3}
      propertyPath: m_LocalRotation.z
      value: 0
      objectReference: {fileID: 0}
    - target: {fileID: -8679921383154817045, guid: 37a3859acfa2b8a419451d988e24b59f,
        type: 3}
      propertyPath: m_LocalEulerAnglesHint.x
      value: 0
      objectReference: {fileID: 0}
    - target: {fileID: -8679921383154817045, guid: 37a3859acfa2b8a419451d988e24b59f,
        type: 3}
      propertyPath: m_LocalEulerAnglesHint.y
      value: 0
      objectReference: {fileID: 0}
    - target: {fileID: -8679921383154817045, guid: 37a3859acfa2b8a419451d988e24b59f,
        type: 3}
      propertyPath: m_LocalEulerAnglesHint.z
      value: 0
      objectReference: {fileID: 0}
    - target: {fileID: -7511558181221131132, guid: 37a3859acfa2b8a419451d988e24b59f,
        type: 3}
      propertyPath: m_Materials.Array.data[0]
      value: 
      objectReference: {fileID: 2100000, guid: 363b837792a3b444793a75a38f6a95b1, type: 2}
    - target: {fileID: 919132149155446097, guid: 37a3859acfa2b8a419451d988e24b59f,
        type: 3}
      propertyPath: m_Name
      value: UFO_1
      objectReference: {fileID: 0}
    - target: {fileID: 8151023354082563727, guid: 37a3859acfa2b8a419451d988e24b59f,
        type: 3}
      propertyPath: m_Materials.Array.data[0]
      value: 
      objectReference: {fileID: 2100000, guid: 363b837792a3b444793a75a38f6a95b1, type: 2}
    m_RemovedComponents: []
  m_SourcePrefab: {fileID: 100100000, guid: 37a3859acfa2b8a419451d988e24b59f, type: 3}
--- !u!1 &8178026499623339983 stripped
GameObject:
  m_CorrespondingSourceObject: {fileID: 919132149155446097, guid: 37a3859acfa2b8a419451d988e24b59f,
    type: 3}
  m_PrefabInstance: {fileID: 9061038028579601054}
  m_PrefabAsset: {fileID: 0}
--- !u!4 &8806225473424563573 stripped
Transform:
  m_CorrespondingSourceObject: {fileID: -8679921383154817045, guid: 37a3859acfa2b8a419451d988e24b59f,
    type: 3}
  m_PrefabInstance: {fileID: 9061038028579601054}
  m_PrefabAsset: {fileID: 0}
--- !u!1 &3343487151652146456 stripped
GameObject:
  m_CorrespondingSourceObject: {fileID: -3181452503744645242, guid: 37a3859acfa2b8a419451d988e24b59f,
    type: 3}
  m_PrefabInstance: {fileID: 9061038028579601054}
  m_PrefabAsset: {fileID: 0}
